<?xml version="1.0" encoding="UTF-8"?><collection xmlns="http://www.loc.gov/MARC21/slim"><record><leader>00400nam--2200133-i-4500</leader><controlfield tag="001">000022388</controlfield><controlfield tag="002">20161230</controlfield><controlfield tag="005">20170122213418</controlfield><controlfield tag="008">060222s1000------------r-----000-0-eng-d</controlfield><datafield ind1=" " ind2=" " tag="245"><subfield code="a">Handbuch der technischen elektrochemie. Die technische elektrolyse im schmelfluss. 3</subfield></datafield><datafield ind1=" " ind2=" " tag="260"><subfield code="a">Leipzig</subfield><subfield code="b">Akademische Verlasgesellschaft</subfield><subfield code="c">1955</subfield></datafield><datafield ind1=" " ind2=" " tag="700"><subfield code="a">Eger, Georg</subfield></datafield><datafield ind1=" " ind2=" " tag="852"><subfield code="a">12285</subfield></datafield><datafield ind1=" " ind2=" " tag="CAT"><subfield code="a">SYS</subfield><subfield code="c">20170122</subfield><subfield code="h">213418</subfield></datafield></record></collection>